<record><leader>00000cas a22000007a 4500</leader><controlfield tag="001">10967947</controlfield><controlfield tag="008">840719d18941898mtuwr ne      0    0eng d</controlfield><controlfield tag="009">4661</controlfield><datafield ind1=" " ind2=" " tag="010"><subfield code="a">sn 84036121 </subfield></datafield><datafield ind1=" " ind2=" " tag="040"><subfield code="a">MTL</subfield><subfield code="b">eng</subfield><subfield code="c">MTL</subfield><subfield code="d">OCLCQ</subfield></datafield><datafield ind1=" " ind2=" " tag="042"><subfield code="a">msc</subfield></datafield><datafield ind1="0" ind2="0" tag="245"><subfield code="a">Mining and railway review.</subfield></datafield><datafield ind1=" " ind2=" " tag="260"><subfield code="a">Butte, Mont. :</subfield><subfield code="b">L.O. Leonard,</subfield><subfield code="c">1894-1898.</subfield></datafield><datafield ind1=" " ind2=" " tag="300"><subfield code="a">15 v. :</subfield><subfield code="b">ill. ;</subfield><subfield code="c">60-65 cm.</subfield></datafield><datafield ind1=" " ind2=" " tag="310"><subfield code="a">Weekly</subfield></datafield><datafield ind1="0" ind2=" " tag="362"><subfield code="a">Vol. 1, no. 22 (Dec. 13, 1894)-v. 15, no. 8 (Aug. 18, 1898).</subfield></datafield><datafield ind1=" " ind2=" " tag="500"><subfield code="a">"The only Republican paper in Silver Bow County."</subfield></datafield><datafield ind1=" " ind2=" " tag="500"><subfield code="a">Publisher varies.</subfield></datafield><datafield ind1=" " ind2=" " tag="515"><subfield code="a">Vols. 3-5 misnumbered 13-15.</subfield></datafield><datafield ind1=" " ind2=" " tag="525"><subfield code="a">Special Christmas issue, Dec. 14, 1895.</subfield></datafield><datafield ind1=" " ind2=" " tag="752"><subfield code="a">United States</subfield><subfield code="b">Montana</subfield><subfield code="c">Silver Bow</subfield><subfield code="d">Butte.</subfield></datafield><datafield ind1="0" ind2="0" tag="780"><subfield code="t">Railway review (Butte, Mont.)</subfield><subfield code="w">(DLC)sn 84036120</subfield></datafield><datafield ind1="0" ind2="7" tag="785"><subfield code="t">Weekly tribune (Butte, Mont.)</subfield><subfield code="w">(DLC)sn 84036118</subfield></datafield><datafield ind1="0" ind2="7" tag="785"><subfield code="t">Tribune-review (Butte, Mont.)</subfield><subfield code="w">(DLC)sn 83025298</subfield></datafield></record>